@BOOK{
    ISRS1989,
    title={Introduction to Surface Roughness and Scattering},
    author={Jean M. Bennett, Lars Mattsson},
    year={1989},
    publisher={Optical Society of America},
    address = {1816 Jefferson Place, N. W., Washington, DC 20036}
}

@BOOK{   
    SEMWFRS1963,
    title={The Scattering of Electromagnetic Waves from Rough Surfaces},
    author={Petr Beckmann, Andre Spizzichino},
    year={1963},
    publisher={Pergamon Press Ltd.},
    address = {Headington Hill Hall, Oxford, London}
}

@ARTICLE{
    ISSN0352-9045,
    title={Optical model for thin-film photovoltaic devices with large surface textures at front sides},
    author={Benjamin Lipovšek and Janez Krč and Marko Topič},
    year={2011},
    journal={MIDEM},
    volume={41},
    pages={264 \- 271},
    month={11},
    publisher={University of Ljubljana, Faculty of Electrical Engineering}
}

@ARTICLE{
    10.1016/J.SOLMAT.2014.09.026,
    title={Approaches and challenges in optical modelling and simulation of thin-film solar cells},
    author={Marko Topič and Martin Sever and Benjamin Lipovšek and Andrej Čampa and Janez Krč},
    year={2014},
    journal={Solar Energy Materials and Solar Cells},
    volume={135},
    pages={57 \- 66},
    month={10},
    publisher={ELSEVIER}
}

@ARTICLE{
    SOM,
    title={Sklopljeno optično modeliranje sodobnih optoelektronskih gradnikov},
    author={Milan Kovačič in Marko Jošt in Matevž Bokalič in Benjamin Lipovšek},
    year={2020},
    journal={Elektrotehniški vestnik},
    volume={87},
    pages={223 \- 234},
    month={9},
    publisher={Elektotehniški vestnik}
}

@ARTICLE{
    10.1063/1.339189,
    title={Light trapping properties of pyramidally textured surfaces},
    author={Patrick Campbell, Martin A. Green},
    year={1987},
    journal={Journal of Applied Physics},
    volume={62},
    pages={243 \- 249},
    month={7},
    publisher={AIP Publishing LLC}
}

@ARTICLE{
    117339,
    title={Antireflective properties of pyramidally textured surfaces},
    author={Alexei Deinega and Ilya Valuev and Boris Potapkin and Yurii Lozovik},
    year={2010},
    journal={Optics Letters},
    volume={35},
    pages={106 \- 108},
    month={1},
    publisher={Optics Letters}
}

@ARTICLE{
    10.1002/pip.1050,
    title={Reflection of normally incident light from silicon solar cells with pyramidal texture},
    author={Simeon C. Baker-Finch, Keith R. McIntosh},
    year={2011},
    journal={Progress in photovoltaics: research and applications},
    volume={19},
    pages={406 \- 416},
    month={10},
    publisher={John Wiley & Sons, Ltd.}
}

@ARTICLE{
    IOPOPSC,
    title={Improved optical properties of perovskite solar cells by introducing Ag nanopartices and ITO AR layers},
    author={Chen Yangxi, Du Chaoling, Sun Lu, et al.},
    year={2021},
    journal={Scientific reports},
    volume={11},
    month={7},
    publisher={Scientific reports}    
}


@ARTICLE{
    Nas_stik_SAZU,
    title={Električna energija je energetski vir prihodnosti},
    author={Polona Bahun},
    year={2022},
    journal={Naš stik},
    volume={3},
    pages={20 \- 21},
    month={6},
    publisher={ELES d.o.o.}
}

@misc{web_page,
    author = "Fakulteta za elektrotehniko, Laboratorij za fotovoltaiko in optoelektroniko",
    title = "{Optični simulator CROWM}",
    howpublished = "Dosegljivo: \url{http://lpvo.fe.uni-lj.si/programi/crowm/}",
    note = "[Dostopano: 13. 7. 2022]"
}

@misc{web_page2,
    author = "Fakulteta za elektrotehniko, Laboratorij za fotovoltaiko in optoelektroniko",
    title = "{Perovskitne sončne celice}",
    howpublished = "Dosegljivo: \url{http://lpvo.fe.uni-lj.si/raziskave/fotovoltaika/perovskitne-soncne-celice/}",
    note = "[Dostopano: 3. 8. 2022]"
}

@misc{corelation,
    author="Wikipedia",
    title="{Correlation function (statistical mechanics)}",
    howpublished="Dosegljivo: \url{https://en.wikipedia.org/wiki/Correlation_function_(statistical_mechanics)#Higher_order_correlation_functions}",
    note="[Dostopano: 13.7.2022]"
}

@misc{predavanje,
    author = "Iztok Grabnar, Fakulteta za farmacijo",
    year = "2009",
    title = "{Neparametrični testi}",
    howpublished = "Dosegljivo: \url{https://www.ffa.uni-lj.si/fileadmin/homedirs/12/em\%C5\%A1f-Farmacevtska_informatika/2010-2011/Predavanja/FI-08_Neparametricni_testi.pdf}",
    note = "[Dostopano: 17.7.2022]"}

@misc{physicStackExchange,
    author="J. Murray",
    year="2021",
    title="{What is the physical meaning of "correlation length"?}",
    howpublished = "Dosegljivo: \url{https://physics.stackexchange.com/questions/671300/what-is-the-physical-meaning-of-correlation-length}",
    note="[Dostopano: 21.7.2022]"
}

@misc{ACL,
    author="Markus Hollaus, Milutin Milenković",
    year="2014",
    title="{A Review of Surface Roughness Concepts, Indices and Applications}",
    howpublished="Dosegljivo: \url{https://www.newfor.net/wp-content/uploads/2015/02/DL15-NEWFOR_Roughness_state_of_the_art.pdf}",
    note="[Dostopano: 21.7.2022]"
}

@misc{CL,
    author="Sérgio Manuel Oliveira Tavares",
    year="2004-2005",
    title="{Analysis of surface roughness and models of
mechanical contacts}",
    howpublished="Dosegljivo: \url{https://paginas.fe.up.pt/~em00021/eramus/project_english.pdf}",
    note="[Dostopano: 20.7.2022]"
}

@misc{SR,
    author="Wikipedia",
    title="{Surface roughness}",
    howpublished="Dosegljivo: \url{https://en.wikipedia.org/wiki/Surface_roughness}",
    note="[Dostopano: 19.7.2022]"
}

@misc{roughness,
    author="Mohammad S Alsoufi",
    title="{Geometric components of a surface profile}",
    howpublished="Dosegljivo: \url{https://www.researchgate.net/figure/Geometric-components-of-a-surface-profile-a-roughness-b-wavine\\
    ss-and-c-form_fig6_316274643}",
    note="[Dostopano: 3.8.2022]"
}

@misc{real_SR,
    author="EVIDENT",
    title="Surface Roughness Measurement—Parameters",
    howpublished="Dosegljivo: \url{https://www.olympus-ims.com/ru/metrology/surface-roughness-measurement-portal/parameters/#!cms[focus]=cmsContent14709}",
    note="[Dostopano: 20.7.2022]"
}

@misc{matlab_sr,
    author="Koszalin University of Technology, Filip",
    year="2019",
    howpublished="Dosegljivo: \url{https://www.mathworks.com/matlabcentral/answers/434257-how-to-calculate-the-roughness-of-a-surface?s_tid=mwa_osa_a}",
    note="[Dostopano: 10.11.2021]"
}

@misc{mysimlabs_cl,
    author="David Bergström",
    year="2007-2012",
    howpublished="Dosegljivo: \url{http://www.mysimlabs.com/surface_generation.html}",
    note="[Dostopano: 10.3.2022]"
}

@misc{gwydion_cl,
    author="Petr Klapetek, David Nečas, Christopher Anderson",
    year="2004-2007, 2009-2022",
    howpublished="Dosegljivo: \url{http://gwyddion.net/documentation/user-guide-en/statistical-analysis.html#autocorrelation-1d}",
    note="[Dostopano: 12.3.2022]"
}

@BOOK{
    FRANCESCHETTI200721,
    title = {CHAPTER 2 - Surface Classical Models},
    editor = {Giorgio Franceschetti and Daniele Riccio},
    booktitle = {Scattering, Natural Surfaces, and Fractals},
    publisher = {Academic Press},
    address = {Burlington},
    pages = {21-59},
    year = {2007},
    isbn = {978-0-12-265655-2},
    doi = {https://doi.org/10.1016/B978-012265655-2/50002-7},
    url ={https://www.sciencedirect.com/science/article/pii/B9780122656552500027},
    author = {Giorgio Franceschetti and Daniele Riccio}
}

@BOOK{
    polprevodniskaelektronika,
    title = {Polprevodniška elektronika},
    author = {Franc Smole},
    pages = {247-249},
    year = {2017},
    publisher = {Založba FE in FRI},
    address = {Tržaška cesta 25, 1000 Ljubljana}
}

@BOOK{
    fotonskielementi,
    title = {Fotonski polprevodniški elementi},
    author = {Franc Smole},
    pages = {81-83, 95-97},
    year = {2001},
    publisher = {Založba FE in FRI},
    address = {Tržaška cesta 25, 1000 Ljubljana}
}

@misc{
    predavanjaopto,
    title = {Predavanja predmeta optoelektronika},
    author = {prof. dr. Janez Krč},
    year = {2021-2022}
}